<?xml version="1.0" encoding="UTF-8"?>
<collection xmlns:xsi="http://www.w3.org/2001/XMLSchema-instance" xsi:schemaLocation="http://www.loc.gov/MARC21/slim http://www.loc.gov/standards/marcxml/schema/MARC21slim.xsd" xmlns="http://www.loc.gov/MARC21/slim">
<record>
  <leader>01192cam a2200265   4500</leader>
  <controlfield tag="001">2980466</controlfield>
  <controlfield tag="003">NNC</controlfield>
  <controlfield tag="005">20130426004931.0</controlfield>
  <controlfield tag="008">840828s1908    ua            000 0 ara  </controlfield>
  <datafield tag="010" ind1=" " ind2=" ">
    <subfield code="a">   75242947 </subfield>
  </datafield>
  <datafield tag="035" ind1=" " ind2=" ">
    <subfield code="a">(OCoLC)ocm11097609</subfield>
  </datafield>
  <datafield tag="035" ind1=" " ind2=" ">
    <subfield code="9">ASM7555CU</subfield>
  </datafield>
  <datafield tag="035" ind1=" " ind2=" ">
    <subfield code="a">(NNC)2980466</subfield>
  </datafield>
  <datafield tag="040" ind1=" " ind2=" ">
    <subfield code="a">DLC</subfield>
    <subfield code="c">IXA</subfield>
    <subfield code="d">IXA</subfield>
    <subfield code="d">ZCU</subfield>
  </datafield>
  <datafield tag="050" ind1=" " ind2=" ">
    <subfield code="a">PJ6161</subfield>
    <subfield code="b">.J83 1908</subfield>
  </datafield>
  <datafield tag="100" ind1="1" ind2=" ">
    <subfield code="a">Jurjānī, Aḥmad ibn Muḥammad,</subfield>
    <subfield code="d">-1089.</subfield>
  </datafield>
  <datafield tag="245" ind1="1" ind2="3">
    <subfield code="a">al-Muntakhab min Kināyāt al-udabā wa ishārāt al-bulaghāʾ,</subfield>
    <subfield code="c">lil-qāḍī Abī al-ʻAbbās Aḥmad ibn Muḥammad al-Jurjānī al-Thaqafī. Wa-yalīhi kitāb al-Kināyah wa-al-taʻrīḍ, li-Abī Manṣūr ʻAbd al-Malik ibn Muḥammad al-Thaʻālibī. ʻUniya bi-taṣḥīḥihi Muḥammad Badr al-Dīn al-Naʻsānī al-Ḥalabī.</subfield>
  </datafield>
  <datafield tag="250" ind1=" " ind2=" ">
    <subfield code="a">al-Ṭabʻah 1.</subfield>
  </datafield>
  <datafield tag="260" ind1=" " ind2=" ">
    <subfield code="a">Miṣr,</subfield>
    <subfield code="b">Maṭbaʻat al-Saʻādah,</subfield>
    <subfield code="c">1908.</subfield>
  </datafield>
  <datafield tag="300" ind1=" " ind2=" ">
    <subfield code="a">2, 148, 2, 59 p.</subfield>
    <subfield code="c">24 cm.</subfield>
  </datafield>
  <datafield tag="650" ind1=" " ind2="0">
    <subfield code="a">Arabic language</subfield>
    <subfield code="x">Figures of speech.</subfield>
  </datafield>
  <datafield tag="700" ind1="1" ind2="2">
    <subfield code="a">Thaʻālibī, ʻAbd al-Malik ibn Muḥammad,</subfield>
    <subfield code="d">961 or 962-1037 or 1038.</subfield>
    <subfield code="t">Kināyah wa-al-taʻrīḍ.</subfield>
  </datafield>
  <datafield tag="740" ind1="0" ind2="1">
    <subfield code="a">Kināyāt al-udabāʾ.</subfield>
  </datafield>
  <datafield tag="740" ind1="0" ind2="1">
    <subfield code="a">Kināyah wa-al-taʻrīḍ.</subfield>
  </datafield>
  <datafield tag="955" ind1=" " ind2=" ">
    <subfield code="b">0113162136</subfield>
    <subfield code="d">glx</subfield>
    <subfield code="e">PJ6161 .J83 1908</subfield>
  </datafield>
</record>
</collection>